@book{pro_git,
title = {Pro Git},
author = {Scott Chacon},
year = {année},
publisher= {éditeur}}

@book{mois_homme,
title = {Le Mythe du Mois Homme},
author = {Frederick Brooks},
year = {année},
publisher= {éditeur}}

@book{manifeste_agile,
title = {Le Manifeste agile},
author = {17 experts en informatique},
year = {année},
publisher= {éditeur}}

@book{xp_explained,
title = {Extreme Programming Explained : Embrace Change},
author = {Kent Beck et Cynthia Andres},
year = {année},
publisher= {éditeur}}

@book{erp_et_cc,
title = {ERP et conduite des changements},
author = {Jean-Louis Tomas et Yossi Gal},
year = {année},
publisher= {éditeur}}